<record xmlns="http://www.loc.gov/MARC21/slim" xmlns:xsi="http://www.w3.org/2001/XMLSchema-instance" xsi:schemaLocation="http://www.loc.gov/MARC21/slim http://www.loc.gov/standards/marcxml/schema/MARC21slim.xsd"><leader>     nam a22        4500</leader><controlfield tag="001">001686646</controlfield><controlfield tag="003">NNU</controlfield><controlfield tag="006">m        d        </controlfield><controlfield tag="007">cr cn |||m|||a</controlfield><controlfield tag="008">150313s1964    iq      ob    000 0 ara d</controlfield><datafield ind1=" " ind2=" " tag="040"><subfield code="a">NNU</subfield><subfield code="b">eng</subfield><subfield code="c">NNU</subfield></datafield><datafield ind1=" " ind2=" " tag="066"><subfield code="c">(3</subfield></datafield><datafield ind1=" " ind2=" " tag="090"><subfield code="a">PJ7543</subfield><subfield code="b">.Q3</subfield></datafield><datafield ind1="1" ind2=" " tag="100"><subfield code="6">880-01</subfield><subfield code="a">Qays&#299;, N&#363;r&#299; &#7716;amm&#363;d&#299;</subfield></datafield><datafield ind1="1" ind2="3" tag="245"><subfield code="6">880-02</subfield><subfield code="a">al-Fur&#363;s&#299;yah f&#299; al-shi&#699;r al-J&#257;hil&#299;</subfield><subfield code="h">[electronic resource] /</subfield><subfield code="c">N&#363;r&#299; &#7716;amm&#363;d&#299; al-Qays&#299;.</subfield></datafield><datafield ind1="1" ind2="4" tag="246"><subfield code="a">Chivalry in pre-Islamic poetry</subfield></datafield><datafield ind1=" " ind2=" " tag="250"><subfield code="6">880-03</subfield><subfield code="a">al-&#7788;ab&#699;ah 1.</subfield></datafield><datafield ind1=" " ind2=" " tag="260"><subfield code="6">880-04</subfield><subfield code="a">Baghdad :</subfield><subfield code="b">Maktabat al-Nah&#7693;ah,</subfield><subfield code="c">1964.</subfield></datafield><datafield ind1=" " ind2=" " tag="300"><subfield code="a">online resource (359 p.)</subfield></datafield><datafield ind1=" " ind2=" " tag="500"><subfield code="a">Cover title: Chivalry in pre-Islamic poetry, by Nouri Hammoudi al-Qaisi.</subfield></datafield><datafield ind1=" " ind2=" " tag="500"><subfield code="a">Originally presented as the author's thesis (Master) -- J&#257;mi&#699;at al-Q&#257;hirah.</subfield></datafield><datafield ind1=" " ind2=" " tag="500"><subfield code="a">Part of the Arabic Collections Online (ACO) project, contributed by New York Univeristy Libraries.</subfield></datafield><datafield ind1=" " ind2=" " tag="504"><subfield code="a">Includes bibliographical references (p. 329-337) and indexes.</subfield></datafield><datafield ind1=" " ind2=" " tag="533"><subfield code="a">Electronic reproduction.</subfield><subfield code="b">New York, N.Y. :</subfield><subfield code="c">New York University,</subfield><subfield code="d">2015.</subfield><subfield code="5">NNU</subfield></datafield><datafield ind1=" " ind2="0" tag="650"><subfield code="a">Arabic poetry</subfield><subfield code="y">To 622</subfield><subfield code="x">History and criticism.</subfield></datafield><datafield ind1=" " ind2="0" tag="650"><subfield code="a">Chivalry in literature.</subfield></datafield><datafield ind1="2" ind2=" " tag="710"><subfield code="a">New York University.</subfield><subfield code="b">Libraries.</subfield></datafield><datafield ind1="0" ind2=" " tag="730"><subfield code="a">Arabic Collections Online.</subfield></datafield><datafield ind1="0" ind2="8" tag="776"><subfield code="i">Print version:</subfield><subfield code="a">Qays&#299;, N&#363;r&#299; &#7716;amm&#363;d&#299; 880-01</subfield><subfield code="t">al-Fur&#363;s&#299;yah f&#299; al-shi&#699;r al-J&#257;hil&#299;</subfield><subfield code="w">(NNU)001686646</subfield><subfield code="w">(DLC)ne 65000927</subfield></datafield><datafield ind1="4" ind2="0" tag="856"><subfield code="u">http://hdl.handle.net/2333.1/pvmcvh06</subfield></datafield><datafield ind1="1" ind2=" " tag="880"><subfield code="6">100-01/</subfield><subfield code="a">&#1602;&#1610;&#1587;&#1610;&#1548; &#1606;&#1608;&#1585;&#1610; &#1581;&#1605;&#1608;&#1583;&#1610;.</subfield></datafield><datafield ind1="1" ind2="2" tag="880"><subfield code="6">245-02/</subfield><subfield code="a">&#1575;&#1604;&#1601;&#1585;&#1608;&#1587;&#1610;&#1577; &#1601;&#1610; &#1575;&#1604;&#1588;&#1593;&#1585; &#1575;&#1604;&#1580;&#1575;&#1607;&#1604;&#1610; /</subfield><subfield code="c">&#1606;&#1608;&#1585;&#1610; &#1581;&#1605;&#1608;&#1583;&#1610; &#1575;&#1604;&#1602;&#1610;&#1587;&#1610;.</subfield></datafield><datafield ind1=" " ind2=" " tag="880"><subfield code="6">250-03/</subfield><subfield code="a">&#1575;&#1604;&#1591;&#1576;&#1593;&#1577; 1.</subfield></datafield><datafield ind1=" " ind2=" " tag="880"><subfield code="6">260-04/</subfield><subfield code="a">&#1576;&#1594;&#1583;&#1575;&#1583; :</subfield><subfield code="b">&#1605;&#1603;&#1578;&#1576;&#1577; &#1575;&#1604;&#1606;&#1607;&#1590;&#1577;&#1548;</subfield><subfield code="c">1964.</subfield></datafield><datafield ind1=" " ind2=" " tag="959"><subfield code="a">NNU</subfield><subfield code="b">WEB</subfield><subfield code="c">GENI</subfield><subfield code="t">0</subfield><subfield code="m">Electronic access</subfield><subfield code="s">01</subfield></datafield><datafield ind1=" " ind2=" " tag="999"><subfield code="i">NNU_001686646</subfield><subfield code="s">nyu_aco000500</subfield><subfield code="e">(ERROR-880)</subfield></datafield></record>